@online{bc548,
  title     = {{BC548} NPN Transistor Datasheet - Semtech},
  url       = {https://www.alldatasheet.es/datasheet-pdf/view/42387/SEMTECH/BC548.html},
  note      = {Datasheet retrieved from alldatasheet.es}
}

@online{bc557,
  title     = {{BC557} PNP Transistor Datasheet - ON Semiconductor},
  url       = {https://www.alldatasheet.es/datasheet-pdf/view/2161668/ONSEMI/BC557.html},
  note      = {Datasheet retrieved from alldatasheet.es}
}

@online{2n2222,
  title     = {{2N2222} NPN Transistor Datasheet - Philips},
  url       = {https://www.alldatasheet.es/datasheet-pdf/view/15067/PHILIPS/2N2222.html},
  note      = {Datasheet retrieved from alldatasheet.es}
}

@online{bu208a,
  title     = {{BU208A} NPN Power Transistor Datasheet - STMicroelectronics},
  url       = {https://www.alldatasheet.es/datasheet-pdf/view/246086/STMICROELECTRONICS/BU208A.html},
  note      = {Datasheet retrieved from alldatasheet.es}
}

@online{bu208,
  title     = {{BU208} NPN Transistor Datasheet - CDIL},
  url       = {https://www.alldatasheet.es/datasheet-pdf/view/605749/CDIL/BU208.html},
  note      = {Datasheet retrieved from alldatasheet.es}
}

@online{mps6514,
  title     = {{MPS6514} PNP Transistor Datasheet - Fairchild},
  url       = {https://www.alldatasheet.es/datasheet-pdf/view/82873/FAIRCHILD/MPS6514.html},
  note      = {Datasheet retrieved from alldatasheet.es}
}

@online{tip36_mospec,
  title     = {{TIP36} PNP Power Transistor Datasheet - Mospec},
  url       = {https://www.alldatasheet.es/html-pdf/2784/MOSPEC/TIP36/144/1/TIP36.html},
  note      = {Datasheet retrieved from alldatasheet.es}
}

@online{tip36_poinn,
  title     = {{TIP36} PNP Power Transistor Datasheet - POINN},
  url       = {https://www.alldatasheet.es/datasheet-pdf/view/20171/POINN/TIP36.html},
  note      = {Datasheet retrieved from alldatasheet.es}
}

