@online{DS0,
    title     = "Hoja de datos del diodo 1N4007",
    url       = "https://www.alldatasheet.com/datasheet-pdf/pdf/58830/DIODES/1N4007.html",
    keywords  = "1N4007, datasheet"
}

@online{DS1,
    title     = "Hoja de datos del diodo 1N60",
    url       = "https://www.alldatasheet.es/datasheet-pdf/view/219199/DAESAN/1N60.html",
    keywords  = "1N60, datasheet"
}

